
@ARTICLE{byrne,
   title={A unified calibration framework for 21-cm cosmology},
   volume={503},
   ISSN={1365-2966},
   url={http://dx.doi.org/10.1093/mnras/stab647},
   DOI={10.1093/mnras/stab647},
   number={2},
   journal={Monthly Notices of the Royal Astronomical Society},
   publisher={Oxford University Press (OUP)},
   author={Byrne, Ruby and Morales, Miguel F and Hazelton, Bryna J and Wilensky, Michael},
   year={2021},
   month={Mar},
   pages={2457–2477}

}

@article{FHD,
   title={The FHD/εppsilon Epoch of Reionisation power spectrum pipeline},
   volume={36},
   ISSN={1448-6083},
   url={http://dx.doi.org/10.1017/pasa.2019.21},
   DOI={10.1017/pasa.2019.21},
   journal={Publications of the Astronomical Society of Australia},
   publisher={Cambridge University Press (CUP)},
   author={Barry, N. and Beardsley, A. P. and Byrne, R. and Hazelton, B. and Morales, M. F. and Pober, J. C. and Sullivan, I.},
   year={2019}
}
}

@article{Barry,
author = {Barry, N. and Wilensky, M. and Trott, Cathryn and Pindor, B. and Beardsley, A. and Hazelton, B. and Sullivan, I. and Morales, M. and Pober, J. and Line, J. and Greig, B. and Byrne, R. and Lanman, A. and Li, W. and Jordan, Christopher and Joseph, R. and Mckinley, Benjamin and Rahimi, Mohammad and Yoshiura, S. and Wyithe, J.},
year = {2019},
month = {09},
pages = {},
title = {Improving the EoR Power Spectrum Results from MWA Season 1 Observations}
}


@ARTICLE{GORSKI,
	doi = {10.1086/427976},
	url = {https://doi.org/10.1086%2F427976},
	year = 2005,
	month = {apr},
	publisher = {American Astronomical Society},
	volume = {622},
	number = {2},
	pages = {759--771},
	author = {K. M. Gorski and E. Hivon and A. J. Banday and B. D. Wandelt and F. K. Hansen and M. Reinecke and M. Bartelmann},
	title = {{HEALPix}: A Framework for High-Resolution Discretization and Fast Analysis of Data Distributed on the Sphere},
	journal = {The Astrophysical Journal},
	year = {2004},
}
 
 @ARTICLE{mine,
 author = {https://github.com/EoRImaging/FHD/tree/interpolation$\_$test}
 }