@PREAMBLE{
 "\providecommand{\noopsort}[1]{}" 
 # "\providecommand{\singleletter}[1]{#1}" 
}

@ARTICLE{rec,
   author       = "T. Prabu and others",
   title    ="A Digital-Receiver for the Murchison Widefield Array",
   year         = "2015",
   journal      = "Experimental Astronomy",
   volume       = "39(1)",
   pages     ="73-93",
  }
  
 @ARTICLE{corr,
   author       = "S. M. Ord and others",
   title    ="The Murchison Widefield Array Correlator",
   year         = "2015",
   journal      = "Publications of the Astronomical Society of Australia",
   volume       = "32",
  }
  
@MISC{pfb,
   author       = "S. J. McSweeney and others",
   title    ="MWA tied-array processing III: Microsecond time resolution via a polyphase synthesis filter",
   year         = "2020 PREPRINT",
  }
  
@MISC{VV,
   author       = "L. V. Benkevitch and others",
   title    ="Van Vleck correction generalization for complex correlators with multilevel quantization",
   year         = "2015",
   eprint    = "arXiv:1608.04367",
  }
  
@MISC{levine_math,
   author       = "A. M. Levine",
   title    ="An Analysis of Two Cascaded Fourier Transforms and Application to the Coarse and Fine PFBs for the MWA",
   year         = "2012",
   eprint    = "https://wiki.mwatelescope.org/display/MP/Memos",
  }
  
@MISC{levine_effects,
   author       = "A. M. Levine",
   title    ="The Effects of the Two-Stage PFB Architecture on the Response of the MWA",
   year         = "2012",
   eprint    = "https://wiki.mwatelescope.org/display/MP/Memos",
  }
  
@PHDTHESIS{beardsley,
  author    ="A. Beardsley",
  title    ="The Murchison Widefield Array 21cm Epoch of Reionization Experiment: Design, Construction, and First Season Results",
  school    ="University of Washington",
  address    ="Seattle, WA",
  year    = 2015,
  }
